<?xml version="1.0" encoding="UTF-8"?>
<record>
  <leader>02001nas a2200541 c 4500</leader>
  <controlfield tag="005">20230531102205.0</controlfield>
  <controlfield tag="007">tu</controlfield>
  <controlfield tag="008">000103c19999999gw a||p|  ||| 0||||1ger c</controlfield>
  <controlfield tag="003">DE-605</controlfield>
  <controlfield tag="001">990109712970206441</controlfield>
  <datafield tag="015" ind1=" " ind2=" ">
    <subfield code="a">07,B13,0602</subfield>
    <subfield code="2">dnb</subfield>
  </datafield>
  <datafield tag="016" ind1="7" ind2=" ">
    <subfield code="a">2000012-1</subfield>
    <subfield code="2">DE-600</subfield>
  </datafield>
  <datafield tag="016" ind1="7" ind2=" ">
    <subfield code="a">02000043X</subfield>
    <subfield code="2">DE-101</subfield>
  </datafield>
  <datafield tag="035" ind1=" " ind2=" ">
    <subfield code="a">(DE-599)ZDB2000012-1</subfield>
  </datafield>
  <datafield tag="035" ind1=" " ind2=" ">
    <subfield code="a">(OCoLC)614914125</subfield>
  </datafield>
  <datafield tag="035" ind1=" " ind2=" ">
    <subfield code="a">(DE-600)2000012-1</subfield>
  </datafield>
  <datafield tag="035" ind1=" " ind2=" ">
    <subfield code="a">(DE-101)02000043X</subfield>
  </datafield>
  <datafield tag="040" ind1=" " ind2=" ">
    <subfield code="a">0001</subfield>
    <subfield code="b">ger</subfield>
    <subfield code="c">DE-101</subfield>
    <subfield code="d">0005</subfield>
  </datafield>
  <datafield tag="041" ind1=" " ind2=" ">
    <subfield code="a">ger</subfield>
  </datafield>
  <datafield tag="044" ind1=" " ind2=" ">
    <subfield code="c">XA-DE</subfield>
  </datafield>
  <datafield tag="082" ind1="0" ind2="4">
    <subfield code="a">780.92</subfield>
    <subfield code="q">DE-101</subfield>
    <subfield code="2">22/ger</subfield>
  </datafield>
  <datafield tag="084" ind1=" " ind2=" ">
    <subfield code="a">9,2</subfield>
    <subfield code="2">ssgn</subfield>
  </datafield>
  <datafield tag="084" ind1=" " ind2=" ">
    <subfield code="a">Bonn</subfield>
    <subfield code="0">https://nwbib.de/spatial#Q586</subfield>
    <subfield code="2">nwbib</subfield>
  </datafield>
  <datafield tag="084" ind1=" " ind2=" ">
    <subfield code="a">Komponisten</subfield>
    <subfield code="0">https://nwbib.de/subjects#N824040</subfield>
    <subfield code="2">nwbib</subfield>
  </datafield>
  <datafield tag="084" ind1=" " ind2=" ">
    <subfield code="a">Sonstige Museen und Sammlungen</subfield>
    <subfield code="0">https://nwbib.de/subjects#N217090</subfield>
    <subfield code="2">nwbib</subfield>
  </datafield>
  <datafield tag="084" ind1=" " ind2=" ">
    <subfield code="a">780</subfield>
    <subfield code="q">DE-101</subfield>
    <subfield code="2">sdnb</subfield>
  </datafield>
  <datafield tag="084" ind1=" " ind2=" ">
    <subfield code="a">780</subfield>
    <subfield code="q">DE-600</subfield>
    <subfield code="2">sdnb</subfield>
  </datafield>
  <datafield tag="245" ind1="0" ind2="0">
    <subfield code="a">Bonner Beethoven-Studien</subfield>
    <subfield code="b">Mitteilungen aus dem Beethoven-Haus und Beethoven-Archiv Bonn</subfield>
  </datafield>
  <datafield tag="264" ind1="3" ind2="1">
    <subfield code="a">Bonn</subfield>
    <subfield code="b">Verl. Beethoven-Haus</subfield>
    <subfield code="a">[Leinfelden-Echterdingen]</subfield>
    <subfield code="b">Carus</subfield>
    <subfield code="c">1999-</subfield>
  </datafield>
  <datafield tag="264" ind1="2" ind2="1">
    <subfield code="a">Bonn</subfield>
    <subfield code="b">Verl. Beethoven-Haus</subfield>
    <subfield code="c">-5.2006</subfield>
  </datafield>
  <datafield tag="300" ind1=" " ind2=" ">
    <subfield code="c">24 cm</subfield>
  </datafield>
  <datafield tag="336" ind1=" " ind2=" ">
    <subfield code="b">txt</subfield>
  </datafield>
  <datafield tag="337" ind1=" " ind2=" ">
    <subfield code="b">n</subfield>
  </datafield>
  <datafield tag="338" ind1=" " ind2=" ">
    <subfield code="b">nc</subfield>
  </datafield>
  <datafield tag="362" ind1="0" ind2=" ">
    <subfield code="a">1.1999 - 2.2001; 3.2003; 4.2005 - 8.2009; 9.2011 -</subfield>
  </datafield>
  <datafield tag="363" ind1="0" ind2="1">
    <subfield code="8">1.1\x</subfield>
    <subfield code="i">1999</subfield>
  </datafield>
  <datafield tag="490" ind1="0" ind2=" ">
    <subfield code="a">Veröffentlichungen des Beethoven-Hauses Bonn : Reihe 5</subfield>
  </datafield>
  <datafield tag="689" ind1="0" ind2="0">
    <subfield code="a">Beethoven, Ludwig &lt;&lt;van&gt;&gt;</subfield>
    <subfield code="d">1770-1827</subfield>
    <subfield code="D">p</subfield>
    <subfield code="0">(DE-588)118508288</subfield>
  </datafield>
  <datafield tag="689" ind1="0" ind2=" ">
    <subfield code="5">DE-101</subfield>
  </datafield>
  <datafield tag="689" ind1="1" ind2="0">
    <subfield code="a">Beethoven-Haus Bonn</subfield>
    <subfield code="D">b</subfield>
    <subfield code="0">(DE-588)2085343-9</subfield>
  </datafield>
  <datafield tag="689" ind1="1" ind2=" ">
    <subfield code="5">DE-61</subfield>
    <subfield code="5">DE-605</subfield>
  </datafield>
  <datafield tag="960" ind1="1" ind2=" ">
    <subfield code="n">NWBib-Zeitschrift-61</subfield>
  </datafield>
  <datafield tag="710" ind1="2" ind2=" ">
    <subfield code="a">Beethoven-Haus Bonn</subfield>
    <subfield code="0">(DE-588)2085343-9</subfield>
    <subfield code="4">isb</subfield>
  </datafield>
  <datafield tag="710" ind1="2" ind2=" ">
    <subfield code="a">Beethoven-Archiv</subfield>
    <subfield code="0">(DE-588)2005424-5</subfield>
    <subfield code="4">isb</subfield>
  </datafield>
  <datafield tag="780" ind1="0" ind2="0">
    <subfield code="i">Vorg.:</subfield>
    <subfield code="t">Beethoven-Jahrbuch</subfield>
    <subfield code="d">Bonn : Beethovenhaus, 1954-1983</subfield>
    <subfield code="x">0522-5949</subfield>
    <subfield code="w">(DE-600)211985-7</subfield>
  </datafield>
  <datafield tag="655" ind1=" " ind2="7">
    <subfield code="a">Zeitschrift</subfield>
    <subfield code="0">(DE-588)4067488-5</subfield>
    <subfield code="2">gnd-content</subfield>
  </datafield>
  <datafield tag="515" ind1=" " ind2=" ">
    <subfield code="a">Ersch. jährl.; 2000 u. 2002 u. 2004 u. 2010 nicht ersch.</subfield>
  </datafield>
  <datafield tag="583" ind1="1" ind2=" ">
    <subfield code="a">Archivierung/Langzeitarchivierung gewährleistet</subfield>
    <subfield code="c">2020</subfield>
    <subfield code="f">PENW</subfield>
    <subfield code="5">DE-5</subfield>
    <subfield code="2">pdager</subfield>
  </datafield>
  <datafield tag="MBD" ind1=" " ind2=" ">
    <subfield code="M">49HBZ_NETWORK</subfield>
    <subfield code="i">990109712970206441</subfield>
    <subfield code="n">HBZ Network</subfield>
  </datafield>
  <datafield tag="MBD" ind1=" " ind2=" ">
    <subfield code="M">49HBZ_WUP</subfield>
    <subfield code="i">990008372420206447</subfield>
    <subfield code="n">Bergische Universität Wuppertal</subfield>
  </datafield>
  <datafield tag="983" ind1=" " ind2=" ">
    <subfield code="b">KJIB</subfield>
    <subfield code="9">LOCAL</subfield>
    <subfield code="M">49HBZ_WUP</subfield>
  </datafield>
  <datafield tag="MBD" ind1=" " ind2=" ">
    <subfield code="M">49HBZ_DET</subfield>
    <subfield code="i">991005920829706480</subfield>
    <subfield code="n">Hochschule fur Musik Detmold</subfield>
  </datafield>
  <datafield tag="980" ind1="1" ind2=" ">
    <subfield code="e">HBZ</subfield>
    <subfield code="9">LOCAL</subfield>
    <subfield code="M">49HBZ_DET</subfield>
  </datafield>
  <datafield tag="981" ind1=" " ind2=" ">
    <subfield code="a">(DE575-DE51)864809</subfield>
    <subfield code="9">LOCAL</subfield>
    <subfield code="M">49HBZ_DET</subfield>
  </datafield>
  <datafield tag="997" ind1=" " ind2=" ">
    <subfield code="a">20200610</subfield>
    <subfield code="9">LOCAL</subfield>
    <subfield code="M">49HBZ_DET</subfield>
  </datafield>
  <datafield tag="MNG" ind1=" " ind2=" ">
    <subfield code="c">PFLUGHU######49HBZ_DUE</subfield>
    <subfield code="f">ZDB</subfield>
    <subfield code="i">marc21</subfield>
    <subfield code="h">20230503141546.0</subfield>
    <subfield code="k">01</subfield>
    <subfield code="e">false</subfield>
    <subfield code="d">2023-05-31 10:22:05 Europe/Berlin</subfield>
    <subfield code="g">010971297-HBZ01</subfield>
    <subfield code="j">60</subfield>
    <subfield code="a">import</subfield>
    <subfield code="b">2021-04-05 10:00:39 Europe/Berlin</subfield>
  </datafield>
  <datafield tag="H52" ind1="8" ind2=" ">
    <subfield code="b">W0001</subfield>
    <subfield code="c">21</subfield>
    <subfield code="8">22121199990006447</subfield>
  </datafield>
  <datafield tag="HOL" ind1=" " ind2=" ">
    <subfield code="d">2023-02-24 10:08:50</subfield>
    <subfield code="8">22121199990006447</subfield>
    <subfield code="b">2021-04-06 07:41:49</subfield>
    <subfield code="M">49HBZ_WUP</subfield>
    <subfield code="g">false</subfield>
    <subfield code="a">import</subfield>
    <subfield code="c">ID21972</subfield>
  </datafield>
  <datafield tag="H16" ind1="7" ind2=" ">
    <subfield code="a">2000012-1</subfield>
    <subfield code="2">DE-600</subfield>
    <subfield code="8">22121199860006447</subfield>
  </datafield>
  <datafield tag="H35" ind1=" " ind2=" ">
    <subfield code="a">(DE-600)079596614</subfield>
    <subfield code="8">22121199860006447</subfield>
  </datafield>
  <datafield tag="H92" ind1=" " ind2=" ">
    <subfield code="a">561000-x</subfield>
    <subfield code="k">NRW</subfield>
    <subfield code="l">a</subfield>
    <subfield code="8">22121199860006447</subfield>
  </datafield>
  <datafield tag="H52" ind1="8" ind2="1">
    <subfield code="b">W0001</subfield>
    <subfield code="c">21</subfield>
    <subfield code="h">KJIB3585</subfield>
    <subfield code="8">1</subfield>
    <subfield code="8">22121199860006447</subfield>
  </datafield>
  <datafield tag="H59" ind1="0" ind2="0">
    <subfield code="8">1.1\x</subfield>
    <subfield code="a">1</subfield>
    <subfield code="i">1999</subfield>
    <subfield code="8">22121199860006447</subfield>
  </datafield>
  <datafield tag="H59" ind1="1" ind2="0">
    <subfield code="8">1.2\x</subfield>
    <subfield code="a">12</subfield>
    <subfield code="i">2016</subfield>
    <subfield code="8">22121199860006447</subfield>
  </datafield>
  <datafield tag="H66" ind1="3" ind2="0">
    <subfield code="a">1.1999 - 12.2016</subfield>
    <subfield code="8">22121199860006447</subfield>
  </datafield>
  <datafield tag="HOL" ind1=" " ind2=" ">
    <subfield code="d">2023-07-28 16:06:49</subfield>
    <subfield code="8">22121199860006447</subfield>
    <subfield code="b">2021-04-06 07:41:49</subfield>
    <subfield code="M">49HBZ_WUP</subfield>
    <subfield code="g">false</subfield>
    <subfield code="a">import</subfield>
    <subfield code="c">ID110</subfield>
  </datafield>
  <datafield tag="H92" ind1=" " ind2=" ">
    <subfield code="a">561000-x</subfield>
    <subfield code="8">22175079420006447</subfield>
  </datafield>
  <datafield tag="H52" ind1="8" ind2="1">
    <subfield code="a">DE-468</subfield>
    <subfield code="b">W0001</subfield>
    <subfield code="c">21</subfield>
    <subfield code="h">KJIB3790</subfield>
    <subfield code="8">2</subfield>
    <subfield code="8">22175079420006447</subfield>
  </datafield>
  <datafield tag="H59" ind1="0" ind2="1">
    <subfield code="8">1.1\x</subfield>
    <subfield code="a">13</subfield>
    <subfield code="i">2022</subfield>
    <subfield code="8">22175079420006447</subfield>
  </datafield>
  <datafield tag="H66" ind1="3" ind2="0">
    <subfield code="a">13.2022 -</subfield>
    <subfield code="8">22175079420006447</subfield>
  </datafield>
  <datafield tag="HOL" ind1=" " ind2=" ">
    <subfield code="d">2023-07-24 14:48:24</subfield>
    <subfield code="8">22175079420006447</subfield>
    <subfield code="b">2023-07-24 14:46:47</subfield>
    <subfield code="M">49HBZ_WUP</subfield>
    <subfield code="g">false</subfield>
    <subfield code="a">ID21972</subfield>
    <subfield code="c">ID21972</subfield>
  </datafield>
  <datafield tag="H52" ind1="8" ind2=" ">
    <subfield code="b">W0001</subfield>
    <subfield code="c">21</subfield>
    <subfield code="h">KJIB3790</subfield>
    <subfield code="8">22175079470006447</subfield>
  </datafield>
  <datafield tag="HOL" ind1=" " ind2=" ">
    <subfield code="d">2023-07-24 14:16:36</subfield>
    <subfield code="8">22175079470006447</subfield>
    <subfield code="b">2023-07-24 14:11:43</subfield>
    <subfield code="M">49HBZ_WUP</subfield>
    <subfield code="g">false</subfield>
    <subfield code="a">ID21972</subfield>
    <subfield code="c">ID21972</subfield>
  </datafield>
  <datafield tag="ITM" ind1=" " ind2=" ">
    <subfield code="H">22121199990006447</subfield>
    <subfield code="x">21</subfield>
    <subfield code="f">ISSUE</subfield>
    <subfield code="v">21</subfield>
    <subfield code="p">31</subfield>
    <subfield code="X">ID21972</subfield>
    <subfield code="U">2017-01-26 11:59:00 Europe/Berlin</subfield>
    <subfield code="Y">2023-02-24 11:08:43 Europe/Berlin</subfield>
    <subfield code="h">false</subfield>
    <subfield code="e">00001</subfield>
    <subfield code="n">KJIB 3585</subfield>
    <subfield code="i">12</subfield>
    <subfield code="k">2016</subfield>
    <subfield code="M">49HBZ_WUP</subfield>
    <subfield code="s">1</subfield>
    <subfield code="d">8</subfield>
    <subfield code="V">import</subfield>
    <subfield code="b">1103875-50</subfield>
    <subfield code="a">23121199900006447</subfield>
    <subfield code="q">12(2016)  nne. lt. WWW 18.3.2016</subfield>
    <subfield code="W">2013-12-18 01:00:00 Europe/Berlin</subfield>
    <subfield code="u">W0001</subfield>
    <subfield code="w">W0001</subfield>
  </datafield>
  <datafield tag="ITM" ind1=" " ind2=" ">
    <subfield code="H">22175079470006447</subfield>
    <subfield code="x">21</subfield>
    <subfield code="f">ISSUE</subfield>
    <subfield code="v">21</subfield>
    <subfield code="p">31</subfield>
    <subfield code="X">System</subfield>
    <subfield code="Y">2023-07-31 10:24:28 Europe/Berlin</subfield>
    <subfield code="n">KJIB3790</subfield>
    <subfield code="i">14</subfield>
    <subfield code="k">2024</subfield>
    <subfield code="M">49HBZ_WUP</subfield>
    <subfield code="s">0</subfield>
    <subfield code="d">8</subfield>
    <subfield code="V">ID21972</subfield>
    <subfield code="a">23171066570006447</subfield>
    <subfield code="c">KJIB3790</subfield>
    <subfield code="r">ACQ</subfield>
    <subfield code="q">14(2024)</subfield>
    <subfield code="W">2023-02-24 11:08:50 Europe/Berlin</subfield>
    <subfield code="u">W0001</subfield>
    <subfield code="w">W0001</subfield>
  </datafield>
  <datafield tag="ITM" ind1=" " ind2=" ">
    <subfield code="H">22121199990006447</subfield>
    <subfield code="x">21</subfield>
    <subfield code="f">ISSUE</subfield>
    <subfield code="v">21</subfield>
    <subfield code="p">31</subfield>
    <subfield code="X">ID21972</subfield>
    <subfield code="U">2012-03-29 12:59:00 Europe/Berlin</subfield>
    <subfield code="Y">2023-02-24 11:08:43 Europe/Berlin</subfield>
    <subfield code="h">false</subfield>
    <subfield code="e">00001</subfield>
    <subfield code="n">KJIB 3585</subfield>
    <subfield code="i">10</subfield>
    <subfield code="k">2012</subfield>
    <subfield code="M">49HBZ_WUP</subfield>
    <subfield code="s">1</subfield>
    <subfield code="d">8</subfield>
    <subfield code="V">import</subfield>
    <subfield code="b">1103875-30</subfield>
    <subfield code="a">23121199920006447</subfield>
    <subfield code="q">10(2012)</subfield>
    <subfield code="W">2012-02-10 01:00:00 Europe/Berlin</subfield>
    <subfield code="u">W0001</subfield>
    <subfield code="w">W0001</subfield>
  </datafield>
  <datafield tag="ITM" ind1=" " ind2=" ">
    <subfield code="H">22121199990006447</subfield>
    <subfield code="x">21</subfield>
    <subfield code="f">ISSUE</subfield>
    <subfield code="v">21</subfield>
    <subfield code="p">31</subfield>
    <subfield code="X">ID21972</subfield>
    <subfield code="U">2011-06-24 12:59:00 Europe/Berlin</subfield>
    <subfield code="Y">2023-02-24 11:08:43 Europe/Berlin</subfield>
    <subfield code="h">false</subfield>
    <subfield code="n">KJIB 3585</subfield>
    <subfield code="M">49HBZ_WUP</subfield>
    <subfield code="s">1</subfield>
    <subfield code="d">8</subfield>
    <subfield code="V">import</subfield>
    <subfield code="b">1103875-10</subfield>
    <subfield code="a">23121199950006447</subfield>
    <subfield code="B">Z02/66</subfield>
    <subfield code="D">20110624</subfield>
    <subfield code="q">Abo</subfield>
    <subfield code="W">2011-06-24 02:00:00 Europe/Berlin</subfield>
    <subfield code="u">W0001</subfield>
    <subfield code="w">W0001</subfield>
  </datafield>
  <datafield tag="ITM" ind1=" " ind2=" ">
    <subfield code="H">22121199990006447</subfield>
    <subfield code="x">21</subfield>
    <subfield code="f">ISSUE</subfield>
    <subfield code="v">21</subfield>
    <subfield code="p">31</subfield>
    <subfield code="X">ID21972</subfield>
    <subfield code="U">2011-06-24 12:59:00 Europe/Berlin</subfield>
    <subfield code="Y">2023-02-24 11:08:43 Europe/Berlin</subfield>
    <subfield code="h">false</subfield>
    <subfield code="e">00001</subfield>
    <subfield code="n">KJIB 3585</subfield>
    <subfield code="i">9</subfield>
    <subfield code="k">2011</subfield>
    <subfield code="M">49HBZ_WUP</subfield>
    <subfield code="s">1</subfield>
    <subfield code="d">8</subfield>
    <subfield code="V">import</subfield>
    <subfield code="b">1103875-20</subfield>
    <subfield code="a">23121199930006447</subfield>
    <subfield code="B">Z02/66-9</subfield>
    <subfield code="D">20110624</subfield>
    <subfield code="q">9(2011)</subfield>
    <subfield code="W">2011-06-24 02:00:00 Europe/Berlin</subfield>
    <subfield code="u">W0001</subfield>
    <subfield code="w">W0001</subfield>
  </datafield>
  <datafield tag="ITM" ind1=" " ind2=" ">
    <subfield code="H">22121199990006447</subfield>
    <subfield code="x">21</subfield>
    <subfield code="f">ISSUE</subfield>
    <subfield code="v">21</subfield>
    <subfield code="p">31</subfield>
    <subfield code="X">ID21972</subfield>
    <subfield code="U">2014-10-09 12:59:00 Europe/Berlin</subfield>
    <subfield code="Y">2023-02-24 11:08:43 Europe/Berlin</subfield>
    <subfield code="h">false</subfield>
    <subfield code="e">00001</subfield>
    <subfield code="n">KJIB 3585</subfield>
    <subfield code="i">11</subfield>
    <subfield code="k">2013</subfield>
    <subfield code="M">49HBZ_WUP</subfield>
    <subfield code="s">1</subfield>
    <subfield code="d">8</subfield>
    <subfield code="V">import</subfield>
    <subfield code="b">1103875-40</subfield>
    <subfield code="a">23121199910006447</subfield>
    <subfield code="q">11(2014)</subfield>
    <subfield code="W">2012-12-05 01:00:00 Europe/Berlin</subfield>
    <subfield code="u">W0001</subfield>
    <subfield code="w">W0001</subfield>
  </datafield>
  <datafield tag="ITM" ind1=" " ind2=" ">
    <subfield code="H">22175079470006447</subfield>
    <subfield code="x">21</subfield>
    <subfield code="f">ISSUE</subfield>
    <subfield code="v">21</subfield>
    <subfield code="p">31</subfield>
    <subfield code="X">ID110</subfield>
    <subfield code="U">2023-02-24 10:25:02 Europe/Berlin</subfield>
    <subfield code="Y">2023-07-31 10:25:02 Europe/Berlin</subfield>
    <subfield code="h">false</subfield>
    <subfield code="e">00001</subfield>
    <subfield code="n">KJIB 3790</subfield>
    <subfield code="i">13</subfield>
    <subfield code="k">2022</subfield>
    <subfield code="M">49HBZ_WUP</subfield>
    <subfield code="s">1</subfield>
    <subfield code="d">8</subfield>
    <subfield code="V">import</subfield>
    <subfield code="b">1103875-60</subfield>
    <subfield code="a">23121199890006447</subfield>
    <subfield code="c">KJIB3790</subfield>
    <subfield code="q">13(2022) n.n.e. lt. WWW 14.3.2018 + 29.7.2022</subfield>
    <subfield code="W">2015-12-23 01:00:00 Europe/Berlin</subfield>
    <subfield code="u">W0001</subfield>
    <subfield code="w">W0001</subfield>
  </datafield>
  <datafield tag="ITM" ind1=" " ind2=" ">
    <subfield code="H">22175079470006447</subfield>
    <subfield code="x">21</subfield>
    <subfield code="f">ISSUE</subfield>
    <subfield code="v">21</subfield>
    <subfield code="p">31</subfield>
    <subfield code="X">System</subfield>
    <subfield code="Y">2023-07-31 10:24:29 Europe/Berlin</subfield>
    <subfield code="n">KJIB3790</subfield>
    <subfield code="i">15</subfield>
    <subfield code="k">2026</subfield>
    <subfield code="M">49HBZ_WUP</subfield>
    <subfield code="s">0</subfield>
    <subfield code="d">8</subfield>
    <subfield code="V">ID21972</subfield>
    <subfield code="a">23175079460006447</subfield>
    <subfield code="c">KJIB3790</subfield>
    <subfield code="r">ACQ</subfield>
    <subfield code="q">15(2026)</subfield>
    <subfield code="W">2023-07-24 16:16:36 Europe/Berlin</subfield>
    <subfield code="u">W0001</subfield>
    <subfield code="w">W0001</subfield>
  </datafield>
  <datafield tag="H52" ind1="8" ind2=" ">
    <subfield code="b">HfM</subfield>
    <subfield code="c">HfM_Freih</subfield>
    <subfield code="h">BM 800 BeetL 6:4-5(2006)</subfield>
    <subfield code="8">2290309450006480</subfield>
  </datafield>
  <datafield tag="HOL" ind1=" " ind2=" ">
    <subfield code="b">2023-08-14 14:32:06</subfield>
    <subfield code="8">2290309450006480</subfield>
    <subfield code="M">49HBZ_DET</subfield>
    <subfield code="g">false</subfield>
    <subfield code="a">import</subfield>
  </datafield>
  <datafield tag="H52" ind1="8" ind2=" ">
    <subfield code="b">HfM</subfield>
    <subfield code="c">HfM_Freih</subfield>
    <subfield code="h">BM 800 BeetL 6:4-9(2011)</subfield>
    <subfield code="8">2290309370006480</subfield>
  </datafield>
  <datafield tag="HOL" ind1=" " ind2=" ">
    <subfield code="b">2023-08-14 14:32:06</subfield>
    <subfield code="8">2290309370006480</subfield>
    <subfield code="M">49HBZ_DET</subfield>
    <subfield code="g">false</subfield>
    <subfield code="a">import</subfield>
  </datafield>
  <datafield tag="H52" ind1="8" ind2=" ">
    <subfield code="b">HfM</subfield>
    <subfield code="c">HfM_Freih</subfield>
    <subfield code="h">BM 800 BeetL 6:4-12(2016)</subfield>
    <subfield code="8">2290309350006480</subfield>
  </datafield>
  <datafield tag="HOL" ind1=" " ind2=" ">
    <subfield code="b">2023-08-14 14:32:06</subfield>
    <subfield code="8">2290309350006480</subfield>
    <subfield code="M">49HBZ_DET</subfield>
    <subfield code="g">false</subfield>
    <subfield code="a">import</subfield>
  </datafield>
  <datafield tag="H52" ind1="8" ind2=" ">
    <subfield code="b">HfM</subfield>
    <subfield code="c">HfM_Freih</subfield>
    <subfield code="h">BM 800 BeetL 6:4-13(2022)</subfield>
    <subfield code="8">2290309510006480</subfield>
  </datafield>
  <datafield tag="HOL" ind1=" " ind2=" ">
    <subfield code="b">2023-08-14 14:32:06</subfield>
    <subfield code="8">2290309510006480</subfield>
    <subfield code="M">49HBZ_DET</subfield>
    <subfield code="g">false</subfield>
    <subfield code="a">import</subfield>
  </datafield>
  <datafield tag="H52" ind1="8" ind2=" ">
    <subfield code="b">HfM</subfield>
    <subfield code="c">HfM_Freih</subfield>
    <subfield code="h">BM 800 BeetL 6:4-11(2014)</subfield>
    <subfield code="8">2290309290006480</subfield>
  </datafield>
  <datafield tag="HOL" ind1=" " ind2=" ">
    <subfield code="b">2023-08-14 14:32:06</subfield>
    <subfield code="8">2290309290006480</subfield>
    <subfield code="M">49HBZ_DET</subfield>
    <subfield code="g">false</subfield>
    <subfield code="a">import</subfield>
  </datafield>
  <datafield tag="H16" ind1="7" ind2=" ">
    <subfield code="a">2000012-1</subfield>
    <subfield code="2">DE-600</subfield>
    <subfield code="8">2290309520006480</subfield>
  </datafield>
  <datafield tag="H35" ind1=" " ind2=" ">
    <subfield code="a">(DE-600)321987802</subfield>
    <subfield code="8">2290309520006480</subfield>
  </datafield>
  <datafield tag="H35" ind1=" " ind2=" ">
    <subfield code="a">321987802-49hbz_det</subfield>
    <subfield code="8">2290309520006480</subfield>
  </datafield>
  <datafield tag="H92" ind1=" " ind2=" ">
    <subfield code="a">492000-4</subfield>
    <subfield code="d">575</subfield>
    <subfield code="k">NRW</subfield>
    <subfield code="l">a</subfield>
    <subfield code="o">c</subfield>
    <subfield code="8">2290309520006480</subfield>
  </datafield>
  <datafield tag="H52" ind1="8" ind2="1">
    <subfield code="b">HfM</subfield>
    <subfield code="c">HfM_Mag1OG</subfield>
    <subfield code="h">BM 800 BeetL 6:4</subfield>
    <subfield code="9">00</subfield>
    <subfield code="9">09</subfield>
    <subfield code="x">DE-575</subfield>
    <subfield code="8">2290309520006480</subfield>
  </datafield>
  <datafield tag="H59" ind1="0" ind2="0">
    <subfield code="8">1.1\x</subfield>
    <subfield code="a">1</subfield>
    <subfield code="i">1999</subfield>
    <subfield code="8">2290309520006480</subfield>
  </datafield>
  <datafield tag="H59" ind1="1" ind2="0">
    <subfield code="8">1.2\x</subfield>
    <subfield code="a">2</subfield>
    <subfield code="i">2001</subfield>
    <subfield code="8">2290309520006480</subfield>
  </datafield>
  <datafield tag="H59" ind1="0" ind2="0">
    <subfield code="8">2.1\x</subfield>
    <subfield code="a">4</subfield>
    <subfield code="i">2005</subfield>
    <subfield code="8">2290309520006480</subfield>
  </datafield>
  <datafield tag="H59" ind1="1" ind2="0">
    <subfield code="8">2.2\x</subfield>
    <subfield code="a">8</subfield>
    <subfield code="i">2009</subfield>
    <subfield code="8">2290309520006480</subfield>
  </datafield>
  <datafield tag="H59" ind1="0" ind2="1">
    <subfield code="8">3.1\x</subfield>
    <subfield code="a">9</subfield>
    <subfield code="i">2011</subfield>
    <subfield code="8">2290309520006480</subfield>
  </datafield>
  <datafield tag="H66" ind1="3" ind2="0">
    <subfield code="a">1.1999 - 2.2001; 4.2005 - 8.2009; 9.2011 -</subfield>
    <subfield code="8">2290309520006480</subfield>
  </datafield>
  <datafield tag="HOL" ind1=" " ind2=" ">
    <subfield code="b">2023-08-14 14:32:06</subfield>
    <subfield code="8">2290309520006480</subfield>
    <subfield code="M">49HBZ_DET</subfield>
    <subfield code="g">false</subfield>
    <subfield code="a">import</subfield>
  </datafield>
  <datafield tag="H52" ind1="8" ind2=" ">
    <subfield code="b">HfM</subfield>
    <subfield code="c">HfM_Freih</subfield>
    <subfield code="h">BM 800 BeetL 6:4-7(2008)</subfield>
    <subfield code="8">2290309410006480</subfield>
  </datafield>
  <datafield tag="HOL" ind1=" " ind2=" ">
    <subfield code="b">2023-08-14 14:32:06</subfield>
    <subfield code="8">2290309410006480</subfield>
    <subfield code="M">49HBZ_DET</subfield>
    <subfield code="g">false</subfield>
    <subfield code="a">import</subfield>
  </datafield>
  <datafield tag="H52" ind1="8" ind2=" ">
    <subfield code="b">HfM</subfield>
    <subfield code="c">HfM_Freih</subfield>
    <subfield code="h">BM 800 BeetL 6:4-2(2001)</subfield>
    <subfield code="8">2290309490006480</subfield>
  </datafield>
  <datafield tag="HOL" ind1=" " ind2=" ">
    <subfield code="b">2023-08-14 14:32:06</subfield>
    <subfield code="8">2290309490006480</subfield>
    <subfield code="M">49HBZ_DET</subfield>
    <subfield code="g">false</subfield>
    <subfield code="a">import</subfield>
  </datafield>
  <datafield tag="H52" ind1="8" ind2=" ">
    <subfield code="b">HfM</subfield>
    <subfield code="c">HfM_Freih</subfield>
    <subfield code="h">BM 800 BeetL 6:4-8(2009)</subfield>
    <subfield code="8">2290309390006480</subfield>
  </datafield>
  <datafield tag="HOL" ind1=" " ind2=" ">
    <subfield code="b">2023-08-14 14:32:06</subfield>
    <subfield code="8">2290309390006480</subfield>
    <subfield code="M">49HBZ_DET</subfield>
    <subfield code="g">false</subfield>
    <subfield code="a">import</subfield>
  </datafield>
  <datafield tag="H52" ind1="8" ind2=" ">
    <subfield code="b">HfM</subfield>
    <subfield code="c">HfM_Freih</subfield>
    <subfield code="h">BM 800 BeetL 6:4-10(2012)</subfield>
    <subfield code="8">2290309310006480</subfield>
  </datafield>
  <datafield tag="HOL" ind1=" " ind2=" ">
    <subfield code="b">2023-08-14 14:32:06</subfield>
    <subfield code="8">2290309310006480</subfield>
    <subfield code="M">49HBZ_DET</subfield>
    <subfield code="g">false</subfield>
    <subfield code="a">import</subfield>
  </datafield>
  <datafield tag="H52" ind1="8" ind2=" ">
    <subfield code="b">HfM</subfield>
    <subfield code="c">HfM_Freih</subfield>
    <subfield code="h">BM 800 BeetL 6:4-1(1999)</subfield>
    <subfield code="8">2290309330006480</subfield>
  </datafield>
  <datafield tag="HOL" ind1=" " ind2=" ">
    <subfield code="b">2023-08-14 14:32:06</subfield>
    <subfield code="8">2290309330006480</subfield>
    <subfield code="M">49HBZ_DET</subfield>
    <subfield code="g">false</subfield>
    <subfield code="a">import</subfield>
  </datafield>
  <datafield tag="H52" ind1="8" ind2=" ">
    <subfield code="b">HfM</subfield>
    <subfield code="c">HfM_Freih</subfield>
    <subfield code="h">BM 800 BeetL 6:4-6(2007)</subfield>
    <subfield code="8">2290309430006480</subfield>
  </datafield>
  <datafield tag="HOL" ind1=" " ind2=" ">
    <subfield code="b">2023-08-14 14:32:06</subfield>
    <subfield code="8">2290309430006480</subfield>
    <subfield code="M">49HBZ_DET</subfield>
    <subfield code="g">false</subfield>
    <subfield code="a">import</subfield>
  </datafield>
  <datafield tag="H52" ind1="8" ind2=" ">
    <subfield code="b">HfM</subfield>
    <subfield code="c">HfM_Freih</subfield>
    <subfield code="h">BM 800 BeetL 6:4-4(2005)</subfield>
    <subfield code="8">2290309470006480</subfield>
  </datafield>
  <datafield tag="HOL" ind1=" " ind2=" ">
    <subfield code="b">2023-08-14 14:32:06</subfield>
    <subfield code="8">2290309470006480</subfield>
    <subfield code="M">49HBZ_DET</subfield>
    <subfield code="g">false</subfield>
    <subfield code="a">import</subfield>
  </datafield>
  <datafield tag="ITM" ind1=" " ind2=" ">
    <subfield code="H">2290309410006480</subfield>
    <subfield code="x">HfM_Freih</subfield>
    <subfield code="f">BOOK</subfield>
    <subfield code="v">HfM_Freih</subfield>
    <subfield code="p">ausleihbar</subfield>
    <subfield code="X">System</subfield>
    <subfield code="U">2023-08-14 12:59:00 Europe/Berlin</subfield>
    <subfield code="Y">2023-08-16 19:43:01 Europe/Berlin</subfield>
    <subfield code="h">false</subfield>
    <subfield code="n">BM 800 BeetL 6:4-7(2008)</subfield>
    <subfield code="G">1</subfield>
    <subfield code="M">49HBZ_DET</subfield>
    <subfield code="s">1</subfield>
    <subfield code="d">8</subfield>
    <subfield code="V">import</subfield>
    <subfield code="L">AnzBeil: 1</subfield>
    <subfield code="b">57500000181973</subfield>
    <subfield code="O">BuchdatAufn: 2022-10-24 | Sigel: 575 | HBZ01: HT012819873 | Fernleihkonditionen: 0</subfield>
    <subfield code="N">weitSign: BBe 440 (7) | Syst: 911</subfield>
    <subfield code="a">2390309400006480</subfield>
    <subfield code="R">Ausl23: 0 | Ausl22: 1 | Ausl21: 0 | Vorm23: 0</subfield>
    <subfield code="c">BM 800 BeetL 6:4-7(2008)</subfield>
    <subfield code="W">2023-08-14 16:32:06 Europe/Berlin</subfield>
    <subfield code="u">HfM</subfield>
    <subfield code="w">HfM</subfield>
  </datafield>
  <datafield tag="ITM" ind1=" " ind2=" ">
    <subfield code="H">2290309370006480</subfield>
    <subfield code="x">HfM_Freih</subfield>
    <subfield code="f">BOOK</subfield>
    <subfield code="v">HfM_Freih</subfield>
    <subfield code="p">ausleihbar</subfield>
    <subfield code="X">System</subfield>
    <subfield code="U">2023-08-14 12:59:00 Europe/Berlin</subfield>
    <subfield code="Y">2023-08-16 19:43:01 Europe/Berlin</subfield>
    <subfield code="h">false</subfield>
    <subfield code="n">BM 800 BeetL 6:4-9(2011)</subfield>
    <subfield code="G">1</subfield>
    <subfield code="M">49HBZ_DET</subfield>
    <subfield code="s">1</subfield>
    <subfield code="d">8</subfield>
    <subfield code="V">import</subfield>
    <subfield code="L">AnzBeil: 1</subfield>
    <subfield code="b">57500000181975</subfield>
    <subfield code="O">BuchdatAufn: 2022-10-24 | Sigel: 575 | HBZ01: HT012819873 | Fernleihkonditionen: 0</subfield>
    <subfield code="N">weitSign: BBe 440 (9) | Syst: 911</subfield>
    <subfield code="a">2390309360006480</subfield>
    <subfield code="R">Ausl23: 0 | Ausl22: 1 | Ausl21: 0 | Vorm23: 0</subfield>
    <subfield code="c">BM 800 BeetL 6:4-9(2011)</subfield>
    <subfield code="W">2023-08-14 16:32:06 Europe/Berlin</subfield>
    <subfield code="u">HfM</subfield>
    <subfield code="w">HfM</subfield>
  </datafield>
  <datafield tag="ITM" ind1=" " ind2=" ">
    <subfield code="H">2290309390006480</subfield>
    <subfield code="x">HfM_Freih</subfield>
    <subfield code="f">BOOK</subfield>
    <subfield code="v">HfM_Freih</subfield>
    <subfield code="p">ausleihbar</subfield>
    <subfield code="X">System</subfield>
    <subfield code="U">2023-08-14 12:59:00 Europe/Berlin</subfield>
    <subfield code="Y">2023-08-16 19:43:01 Europe/Berlin</subfield>
    <subfield code="h">false</subfield>
    <subfield code="n">BM 800 BeetL 6:4-8(2009)</subfield>
    <subfield code="G">1</subfield>
    <subfield code="M">49HBZ_DET</subfield>
    <subfield code="s">1</subfield>
    <subfield code="d">8</subfield>
    <subfield code="V">import</subfield>
    <subfield code="L">AnzBeil: 1</subfield>
    <subfield code="b">57500000181974</subfield>
    <subfield code="O">BuchdatAufn: 2022-10-24 | Sigel: 575 | HBZ01: HT012819873 | Fernleihkonditionen: 0</subfield>
    <subfield code="N">weitSign: BBe 440 (8) | Syst: 911</subfield>
    <subfield code="a">2390309380006480</subfield>
    <subfield code="R">Ausl23: 0 | Ausl22: 1 | Ausl21: 0 | Vorm23: 0</subfield>
    <subfield code="c">BM 800 BeetL 6:4-8(2009)</subfield>
    <subfield code="W">2023-08-14 16:32:06 Europe/Berlin</subfield>
    <subfield code="u">HfM</subfield>
    <subfield code="w">HfM</subfield>
  </datafield>
  <datafield tag="ITM" ind1=" " ind2=" ">
    <subfield code="H">2290309310006480</subfield>
    <subfield code="x">HfM_Freih</subfield>
    <subfield code="f">BOOK</subfield>
    <subfield code="v">HfM_Freih</subfield>
    <subfield code="p">ausleihbar</subfield>
    <subfield code="X">System</subfield>
    <subfield code="U">2023-08-14 12:59:00 Europe/Berlin</subfield>
    <subfield code="Y">2023-08-16 19:43:03 Europe/Berlin</subfield>
    <subfield code="h">false</subfield>
    <subfield code="n">BM 800 BeetL 6:4-10(2012)</subfield>
    <subfield code="G">1</subfield>
    <subfield code="M">49HBZ_DET</subfield>
    <subfield code="s">1</subfield>
    <subfield code="d">8</subfield>
    <subfield code="V">import</subfield>
    <subfield code="L">AnzBeil: 1</subfield>
    <subfield code="b">57500000181976</subfield>
    <subfield code="O">BuchdatAufn: 2022-10-24 | Sigel: 575 | HBZ01: HT012819873 | Fernleihkonditionen: 0</subfield>
    <subfield code="N">weitSign: BBe 440 (10) (2012) | Syst: 911 | vorlRückg: 2022-10-24</subfield>
    <subfield code="a">2390309300006480</subfield>
    <subfield code="R">Ausl23: 1 | Ausl22: 1 | Ausl21: 0 | Vorm23: 0</subfield>
    <subfield code="c">BM 800 BeetL 6:4-10(2012)</subfield>
    <subfield code="W">2023-08-14 16:32:06 Europe/Berlin</subfield>
    <subfield code="u">HfM</subfield>
    <subfield code="w">HfM</subfield>
  </datafield>
  <datafield tag="ITM" ind1=" " ind2=" ">
    <subfield code="H">2290309330006480</subfield>
    <subfield code="x">HfM_Freih</subfield>
    <subfield code="f">BOOK</subfield>
    <subfield code="v">HfM_Freih</subfield>
    <subfield code="p">ausleihbar</subfield>
    <subfield code="X">System</subfield>
    <subfield code="U">2023-08-14 12:59:00 Europe/Berlin</subfield>
    <subfield code="Y">2023-08-16 19:43:02 Europe/Berlin</subfield>
    <subfield code="h">false</subfield>
    <subfield code="n">BM 800 BeetL 6:4-1(1999)</subfield>
    <subfield code="G">1</subfield>
    <subfield code="M">49HBZ_DET</subfield>
    <subfield code="s">1</subfield>
    <subfield code="d">8</subfield>
    <subfield code="V">import</subfield>
    <subfield code="L">AnzBeil: 1</subfield>
    <subfield code="b">57500000181968</subfield>
    <subfield code="O">BuchdatAufn: 2022-10-24 | Sigel: 575 | HBZ01: HT012819873 | Fernleihkonditionen: 0</subfield>
    <subfield code="N">weitSign: BBe 440 (1) (1999) | Syst: 911</subfield>
    <subfield code="a">2390309320006480</subfield>
    <subfield code="R">Ausl23: 0 | Ausl22: 1 | Ausl21: 0 | Vorm23: 0</subfield>
    <subfield code="c">BM 800 BeetL 6:4-1(1999)</subfield>
    <subfield code="W">2023-08-14 16:32:06 Europe/Berlin</subfield>
    <subfield code="u">HfM</subfield>
    <subfield code="w">HfM</subfield>
  </datafield>
  <datafield tag="ITM" ind1=" " ind2=" ">
    <subfield code="H">2290309350006480</subfield>
    <subfield code="x">HfM_Freih</subfield>
    <subfield code="f">BOOK</subfield>
    <subfield code="v">HfM_Freih</subfield>
    <subfield code="p">ausleihbar</subfield>
    <subfield code="X">System</subfield>
    <subfield code="U">2023-08-14 12:59:00 Europe/Berlin</subfield>
    <subfield code="Y">2023-08-16 19:43:03 Europe/Berlin</subfield>
    <subfield code="h">false</subfield>
    <subfield code="n">BM 800 BeetL 6:4-12(2016)</subfield>
    <subfield code="G">1</subfield>
    <subfield code="M">49HBZ_DET</subfield>
    <subfield code="s">1</subfield>
    <subfield code="d">8</subfield>
    <subfield code="V">import</subfield>
    <subfield code="L">AnzBeil: 1</subfield>
    <subfield code="b">57500000220579</subfield>
    <subfield code="O">BuchdatAufn: 2022-10-24 | Sigel: 575 | HBZ01: HT012819873 | Fernleihkonditionen: 0</subfield>
    <subfield code="N">weitSign: BBe 440 (12) | Syst: 911</subfield>
    <subfield code="a">2390309340006480</subfield>
    <subfield code="R">Ausl23: 0 | Ausl22: 1 | Ausl21: 0 | Vorm23: 0</subfield>
    <subfield code="c">BM 800 BeetL 6:4-12(2016)</subfield>
    <subfield code="W">2023-08-14 16:32:06 Europe/Berlin</subfield>
    <subfield code="u">HfM</subfield>
    <subfield code="w">HfM</subfield>
  </datafield>
  <datafield tag="ITM" ind1=" " ind2=" ">
    <subfield code="H">2290309450006480</subfield>
    <subfield code="x">HfM_Freih</subfield>
    <subfield code="f">BOOK</subfield>
    <subfield code="v">HfM_Freih</subfield>
    <subfield code="p">ausleihbar</subfield>
    <subfield code="X">System</subfield>
    <subfield code="U">2023-08-14 12:59:00 Europe/Berlin</subfield>
    <subfield code="Y">2023-08-16 19:43:01 Europe/Berlin</subfield>
    <subfield code="h">false</subfield>
    <subfield code="n">BM 800 BeetL 6:4-5(2006)</subfield>
    <subfield code="G">1</subfield>
    <subfield code="M">49HBZ_DET</subfield>
    <subfield code="s">1</subfield>
    <subfield code="d">8</subfield>
    <subfield code="V">import</subfield>
    <subfield code="L">AnzBeil: 1</subfield>
    <subfield code="b">57500000181971</subfield>
    <subfield code="O">BuchdatAufn: 2022-10-24 | Sigel: 575 | HBZ01: HT012819873 | Fernleihkonditionen: 0</subfield>
    <subfield code="N">weitSign: BBe 440 (5) | Syst: 911</subfield>
    <subfield code="a">2390309440006480</subfield>
    <subfield code="R">Ausl23: 0 | Ausl22: 1 | Ausl21: 0 | Vorm23: 0</subfield>
    <subfield code="c">BM 800 BeetL 6:4-5(2006)</subfield>
    <subfield code="W">2023-08-14 16:32:06 Europe/Berlin</subfield>
    <subfield code="u">HfM</subfield>
    <subfield code="w">HfM</subfield>
  </datafield>
  <datafield tag="ITM" ind1=" " ind2=" ">
    <subfield code="H">2290309290006480</subfield>
    <subfield code="x">HfM_Freih</subfield>
    <subfield code="f">BOOK</subfield>
    <subfield code="v">HfM_Freih</subfield>
    <subfield code="p">ausleihbar</subfield>
    <subfield code="X">System</subfield>
    <subfield code="U">2023-08-14 12:59:00 Europe/Berlin</subfield>
    <subfield code="Y">2023-08-16 19:43:02 Europe/Berlin</subfield>
    <subfield code="h">false</subfield>
    <subfield code="n">BM 800 BeetL 6:4-11(2014)</subfield>
    <subfield code="G">1</subfield>
    <subfield code="M">49HBZ_DET</subfield>
    <subfield code="s">1</subfield>
    <subfield code="d">8</subfield>
    <subfield code="V">import</subfield>
    <subfield code="L">AnzBeil: 1</subfield>
    <subfield code="b">57500000181977</subfield>
    <subfield code="O">BuchdatAufn: 2022-10-24 | Sigel: 575 | HBZ01: HT012819873 | Fernleihkonditionen: 0</subfield>
    <subfield code="N">weitSign: BBe 440 (11) (2014) | Syst: 911</subfield>
    <subfield code="a">2390309270006480</subfield>
    <subfield code="R">Ausl23: 0 | Ausl22: 1 | Ausl21: 0 | Vorm23: 0</subfield>
    <subfield code="c">BM 800 BeetL 6:4-11(2014)</subfield>
    <subfield code="W">2023-08-14 16:32:06 Europe/Berlin</subfield>
    <subfield code="u">HfM</subfield>
    <subfield code="w">HfM</subfield>
  </datafield>
  <datafield tag="ITM" ind1=" " ind2=" ">
    <subfield code="H">2290309510006480</subfield>
    <subfield code="x">HfM_Freih</subfield>
    <subfield code="f">BOOK</subfield>
    <subfield code="v">HfM_Freih</subfield>
    <subfield code="p">ausleihbar</subfield>
    <subfield code="X">System</subfield>
    <subfield code="U">2023-08-14 12:59:00 Europe/Berlin</subfield>
    <subfield code="Y">2023-09-03 09:49:06 Europe/Berlin</subfield>
    <subfield code="h">false</subfield>
    <subfield code="n">BM 800 BeetL 6:4-13(2022)</subfield>
    <subfield code="G">1</subfield>
    <subfield code="M">49HBZ_DET</subfield>
    <subfield code="s">0</subfield>
    <subfield code="d">8</subfield>
    <subfield code="V">import</subfield>
    <subfield code="L">AnzBeil: 1</subfield>
    <subfield code="b">57500000252602</subfield>
    <subfield code="O">BuchdatAufn: 2023-02-16 | Sigel: 575 | HBZ01: HT012819873 | Fernleihkonditionen: 0</subfield>
    <subfield code="N">Syst: 911</subfield>
    <subfield code="a">2390309500006480</subfield>
    <subfield code="R">Ausl23: 4 | Ausl22: 0 | Ausl21: 0 | Vorm23: 0</subfield>
    <subfield code="c">BM 800 BeetL 6:4-13(2022)</subfield>
    <subfield code="r">LOAN</subfield>
    <subfield code="B">MwF23-10</subfield>
    <subfield code="W">2023-08-14 16:32:06 Europe/Berlin</subfield>
    <subfield code="u">HfM</subfield>
    <subfield code="w">HfM</subfield>
  </datafield>
  <datafield tag="ITM" ind1=" " ind2=" ">
    <subfield code="H">2290309430006480</subfield>
    <subfield code="x">HfM_Freih</subfield>
    <subfield code="f">BOOK</subfield>
    <subfield code="v">HfM_Freih</subfield>
    <subfield code="p">ausleihbar</subfield>
    <subfield code="X">System</subfield>
    <subfield code="U">2023-08-14 12:59:00 Europe/Berlin</subfield>
    <subfield code="Y">2023-08-16 19:43:01 Europe/Berlin</subfield>
    <subfield code="h">false</subfield>
    <subfield code="n">BM 800 BeetL 6:4-6(2007)</subfield>
    <subfield code="G">1</subfield>
    <subfield code="M">49HBZ_DET</subfield>
    <subfield code="s">1</subfield>
    <subfield code="d">8</subfield>
    <subfield code="V">import</subfield>
    <subfield code="L">AnzBeil: 1</subfield>
    <subfield code="b">57500000181972</subfield>
    <subfield code="O">BuchdatAufn: 2022-10-24 | Sigel: 575 | HBZ01: HT012819873 | Fernleihkonditionen: 0</subfield>
    <subfield code="N">weitSign: BBe 440 (6) | Syst: 911</subfield>
    <subfield code="a">2390309420006480</subfield>
    <subfield code="R">Ausl23: 0 | Ausl22: 1 | Ausl21: 0 | Vorm23: 0</subfield>
    <subfield code="c">BM 800 BeetL 6:4-6(2007)</subfield>
    <subfield code="W">2023-08-14 16:32:06 Europe/Berlin</subfield>
    <subfield code="u">HfM</subfield>
    <subfield code="w">HfM</subfield>
  </datafield>
  <datafield tag="ITM" ind1=" " ind2=" ">
    <subfield code="H">2290309470006480</subfield>
    <subfield code="x">HfM_Freih</subfield>
    <subfield code="f">BOOK</subfield>
    <subfield code="v">HfM_Freih</subfield>
    <subfield code="p">ausleihbar</subfield>
    <subfield code="X">System</subfield>
    <subfield code="U">2023-08-14 12:59:00 Europe/Berlin</subfield>
    <subfield code="Y">2023-08-16 19:43:01 Europe/Berlin</subfield>
    <subfield code="h">false</subfield>
    <subfield code="n">BM 800 BeetL 6:4-4(2005)</subfield>
    <subfield code="G">1</subfield>
    <subfield code="M">49HBZ_DET</subfield>
    <subfield code="s">1</subfield>
    <subfield code="d">8</subfield>
    <subfield code="V">import</subfield>
    <subfield code="L">AnzBeil: 1</subfield>
    <subfield code="b">57500000181970</subfield>
    <subfield code="O">BuchdatAufn: 2022-10-24 | Sigel: 575 | HBZ01: HT012819873 | Fernleihkonditionen: 0</subfield>
    <subfield code="N">weitSign: BBe 440 (4) | Syst: 911</subfield>
    <subfield code="a">2390309460006480</subfield>
    <subfield code="R">Ausl23: 0 | Ausl22: 1 | Ausl21: 0 | Vorm23: 0</subfield>
    <subfield code="c">BM 800 BeetL 6:4-4(2005)</subfield>
    <subfield code="W">2023-08-14 16:32:06 Europe/Berlin</subfield>
    <subfield code="u">HfM</subfield>
    <subfield code="w">HfM</subfield>
  </datafield>
  <datafield tag="ITM" ind1=" " ind2=" ">
    <subfield code="H">2290309490006480</subfield>
    <subfield code="x">HfM_Freih</subfield>
    <subfield code="f">BOOK</subfield>
    <subfield code="v">HfM_Freih</subfield>
    <subfield code="p">ausleihbar</subfield>
    <subfield code="X">System</subfield>
    <subfield code="U">2023-08-14 12:59:00 Europe/Berlin</subfield>
    <subfield code="Y">2023-08-16 19:43:02 Europe/Berlin</subfield>
    <subfield code="h">false</subfield>
    <subfield code="n">BM 800 BeetL 6:4-2(2001)</subfield>
    <subfield code="G">1</subfield>
    <subfield code="M">49HBZ_DET</subfield>
    <subfield code="s">1</subfield>
    <subfield code="d">8</subfield>
    <subfield code="V">import</subfield>
    <subfield code="L">AnzBeil: 1</subfield>
    <subfield code="b">57500000181969</subfield>
    <subfield code="O">BuchdatAufn: 2022-10-24 | Sigel: 575 | HBZ01: HT012819873 | Fernleihkonditionen: 0</subfield>
    <subfield code="N">weitSign: BBe 440 (2) | Syst: 911</subfield>
    <subfield code="a">2390309480006480</subfield>
    <subfield code="R">Ausl23: 0 | Ausl22: 1 | Ausl21: 0 | Vorm23: 0</subfield>
    <subfield code="c">BM 800 BeetL 6:4-2(2001)</subfield>
    <subfield code="W">2023-08-14 16:32:06 Europe/Berlin</subfield>
    <subfield code="u">HfM</subfield>
    <subfield code="w">HfM</subfield>
  </datafield>
</record>
